1908 2880
378 30 489 100 'De
515 28 557 98 S
585 26 665 100 H
670 31 853 98 enrico
871 3 1250 119 Imperatore.
1433 52 1513 109 34
1525 49 1559 108 5

93 158 303 217 militum
340 157 400 213 ab
431 174 495 211 eo
528 155 705 212 auxilia
742 147 1066 221 acciperet,fi
1098 165 1201 199 non
1238 146 1393 216 poffet
1415 186 1427 198 .

89 256 94 261 ·
174 238 308 290 Cum
330 236 605 303 Capuanus
625 232 852 297 Princeps
888 229 1088 279 latenrer
1121 221 1310 278 faueret
1341 224 1622 278 constanti-

97 314 392 383 nopolitano
417 307 703 381 Imperatori
733 302 906 357 Bafilio
927 337 941 363 ,
959 299 1072 354 fecit
1099 301 1288 353 interim
1330 298 1428 353 fieri
1451 300 1617 353 claues

91 404 262 441 aureas
280 424 292 447 ‚
312 389 358 439 ὄι
381 383 504 439 mifit
525 383 745 437 adillum
760 397 862 435 tam
880 376 944 438 sc,
965 376 1117 448 quam
1135 376 1381 429 ciuitatem
1415 376 1617 443 Capua—

93 478 208 517 nam
233 500 243 524 ,
266 462 366 515 imo
382 457 654 516 vniuersum
688 457 1019 525 principatum
1037 454 1140 505 eius
1157 468 1240 520 per
1269 451 1369 505 haec
1400 452 1617 520 Imperio

91 539 416 592 contradens.
459 536 718 590 Praedifius
736 546 966 603 praeterea
996 531 1212 581 Bolanus
1232 545 1334 580 non
1366 544 1618 596 paruam

95 616 315 686 pecuniae
341 610 576 666 summam
595 612 753 664 eidem
775 606 982 676 principi
1002 602 1558 674 transmittens‚rogat‚vc
1581 602 1617 656 fi

92 702 149 742 te
171 706 279 743 vera
296 687 451 742 fidelis
471 686 756 757 Imperatori
791 681 964 737 Basilio
999 680 1115 733 estet
1133 716 1146 740 ,
1165 682 1466 749 permitteret
1488 677 1535 732 se
1551 680 1616 734 ad

93 764 389 832 capiendum
412 765 619 817 Dattum
636 759 847 814 transire.
866 755 1149 810 Permissum
1171 757 1255 813 est,
1273 761 1319 810 δε
1341 771 1529 809 armato
1547 758 1616 809 τιὸ

92 855 253 909 paruo
283 841 494 894 exercitu
513 872 527 896 ‚
548 839 609 891 ad
641 834 946 890 Gatilianum
985 834 1113 885 venit
1135 868 1149 893 ,
1167 834 1403 892 Turrem,
1422 839 1471 888 in
1492 850 1614 905 qua,

92 915 279 969 Dartus
295 914 411 969 nihil
429 916 523 969 tale
542 911 780 984 suspicans
800 946 813 969 ‚
829 906 1099 966 residebat,
1122 924 1203 977 per
1221 909 1429 966 biduum
1450 927 1615 982 oppu-

88 1006 245 1061 gnans
262 1027 277 1052 ,
294 990 336 1042 vi
359 990 555 1044 tandem
572 1007 683 1043 cum
707 983 938 1040 omnibus
957 1020 970 1042 ‚
988 985 1073 1052 qui
1094 982 1261 1038 secum
1284 1004 1419 1042 erant
1441 1029 1457 1057 ,
1476 1007 1614 1047 com.

85 1066 380 1136 prehendit:
398 1070 442 1119 δι
465 1070 787 1119 Normannos
809 1063 896 1132 qui
924 1060 987 1112 ibi
1007 1057 1217 1119 fuerant,
1240 1062 1494 1120 abeodem
1514 1070 1614 1121 Bo·

89 1143 208 1196 Iano
229 1143 482 1211 praedictus
509 1139 678 1194 Abbas
695 1137 859 1192 multis
888 1134 1113 1208 precibus
1141 1138 1402 1210 acquifiuit
1419 1180 1432 1194 .
1456 1145 1610 1201 Dattii

89 1218 205 1270 vero
222 1219 363 1270 nullo
396 1233 610 1287 vnquam
633 1216 790 1268 modo
814 1212 874 1267 ab
906 1214 1010 1267 eius
1045 1213 1269 1268 manibus
1296 1218 1483 1286 eripere
1519 1239 1611 1290 po·

86 1293 200 1355 tuit,
215 1309 366 1360 quem
391 1294 608 1346 videlicet
623 1293 836 1344 vinetum
858 1290 1050 1343 Barium
1071 1290 1337 1350 reducens,
1359 1296 1466 1362 post
1488 1313 1612 1366 pau.

88 1385 177 1422 cos
194 1370 298 1422 dies
319 1367 532 1423 insutum
550 1367 762 1426 Culleo,
781 1381 921 1421 more
955 1366 1330 1436 parricidarum,
1351 1372 1401 1423 in
1437 1373 1607 1429 medio

87 1445 206 1498 mari
224 1444 504 1515 praecipitari
525 1444 795 1497 mandauit.
1591 1466 1596 1470 ·

168 1523 255 1574 His
298 1519 530 1573 omnibus
571 1519 804 1591 Augustae
837 1523 1093 1577 memoriae
1136 1522 1405 1593 Imperator
1439 1526 1612 1580 Henri-

91 1614 179 1652 cus
209 1596 415 1659 auditis,
440 1597 731 1650 Graecorum
766 1593 936 1650 scilicet
959 1596 1213 1652 inuafione
1234 1633 1249 1659 ‚
1272 1601 1501 1671 Principis
1518 1619 1610 1657 rer·-

88 1668 434 1744 giuersatione‚
455 1673 590 1727 Datti
613 1673 829 1746 denique
850 1672 1179 1730 crudelissima
1196 1693 1318 1730 nece
1344 1713 1356 1738 ‚
1376 1695 1610 1750 reputans

83 1751 248 1803 ‘amilia
271 1751 455 1818 Apulia
478 1785 491 1810 ,
512 1767 564 1802 ac
583 1750 854 1818 Principatu
876 1751 1085 1805 Romam
1104 1769 1315 1823 quoque
1336 1755 1381 1806 ni
1402 1772 1611 1811 matura·

88 1842 161 1878 ret
184 1862 198 1886 ,
224 1843 273 1877 ac
293 1841 376 1894 per
400 1824 493 1877 hoc
517 1825 697 1879 Italiam
719 1841 876 1879 totam
910 1825 1268 1900 consequenter
1290 1828 1373 1884 fibi
1392 1833 1538 1887 etiam
1557 1835 1605 1889 in

72 1898 314 1970 'proximo
333 1901 647 1954 amittendam
673 1899 819 1972 (cum
839 1904 930 1955 iam
953 1905 1116 1958 Melus
1137 1902 1207 1956 bis
1225 1907 1286 1959 acl
1305 1925 1418 1962 eum
1437 1909 1524 1964 hac
1543 1912 1607 1965 de

69 1975 223 2029 causa
243 1973 515 2045 profectus,
536 1979 653 2031 vltra
669 1994 868 2031 montes
888 1978 1151 2034 defunctus
1171 1979 1326 2037 fuiffet
1343 1982 1379 2054 )
1400 1989 1603 2041 minime.

86 2051 292 2122 amplius
308 2048 659 2107 remorandum
677 2071 828 2116 ratuS,
852 2071 984 2109 anno
1010 2059 1357 2114 Incarnationz's
1379 2061 1605 2116 Domini-

83 2145 147 2180 cae
174 2146 328 2181 1022.
349 2128 586 2196 immenso
605 2130 741 2201 valde
771 2132 923 2186 torius
956 2134 1109 2204 Regni
1132 2144 1436 2211 congregato
1468 2157 1605 2192 exer-

85 2207 183 2257 citu
206 2239 219 2263 2
237 2204 418 2257 Italiam
440 2205 570 2258 venit
592 2242 606 2267 ,
626 2209 671 2260 δε
690 2205 790 2276 ipse
807 2201 1010 2278 quidem
1026 2228 1137 2266 cum
1155 2229 1364 2268 maxrma
1387 2210 1605 2271 eiusdem

85 2279 324 2332 exercitus
344 2296 481 2349 parte
504 2295 590 2350 per
611 2283 858 2337 Marchias
881 2285 1415 2360 tranfit3Archiepiscop
1427 2310 1507 2345 um
1524 2309 1604 2347 ve—

85 2356 140 2408 ro
161 2356 393 2425 Poppum
416 2373 526 2408 cum
543 2358 764 2413 vndecim
784 2360 996 2416 millibus
1016 2363 1049 2436 (
1067 2382 1115 2418 vr
1137 2365 1430 2440 perhibent)
1451 2385 1604 2422 arma·

85 2447 153 2483 tor
169 2447 358 2498 um2per
377 2429 651 2492 Marsorum
673 2435 943 2507 Regionern
962 2440 1160 2494 direxit:
1189 2445 1466 2513 Belgrinum
1487 2448 1604 2499 aute

80 2505 435 2562 Colonicnsem
455 2508 838 2583 Archiepilcopfi
859 2548 872 2573 ‚
896 2518 952 2568 ct'r
975 2518 1137 2586 viginti
1157 2520 1369 2574 millibus
1389 2524 1449 2574 ad
1471 2522 1604 2573 Prin-

79 2583 238 2658 cipem
256 2617 274 2646 2
302 2586 348 2637 δι
385 2582 631 2642 Abbatem
667 2591 965 2661 capiendum
1001 2609 1088 2664 per
1121 2596 1331 2651 Romam
1356 2595 1604 2669 praemisit.-

126 2691 128 2693 ·
1426 2673 1529 2747 ipse
