1841 2890
401 98 509 169 De
529 93 573 166 S
577 148 592 163 .
621 96 922 166 Germani)
944 92 1011 165 E
1006 97 1244 189 pistopO.
1434 100 1466 164 ἰ
1489 126 1509 166 1
1526 129 1559 178 7

106 229 521 291 -mum‘certamen
537 229 600 285 de
621 228 807 292 sibellis,
825 228 1056 287 dicentes:
1072 228 1181 286 sunt
1196 229 1546 299 capitula,quae
1563 227 1652 286 dess

105 308 246 366 -bent
263 309 533 366 emendari:
575 307 819 361 Dixerunt
841 308 990 362 nostri
1015 325 1117 362 non
1138 306 1234 362 esse
1255 308 1303 359 in
1318 305 1559 374 potestate
1577 309 1650 376 ip-

128 384 293 441 sorum
312 387 408 440 hoc
429 383 588 438 facere
607 404 620 434 ε
641 384 692 438 Si
708 385 851 438 vultis
867 382 1043 441 facere,
1064 384 1181 437 Deo
1200 384 1376 454 gratias
1392 399 1412 433 .·
1434 379 1469 433 fi
1488 398 1647 434 nom„

124 464 272 518 vultis
292 460 716 522 faceresvenimu&
735 457 1050 517 salutauimus
1070 455 1646 531 v0s‚perambulabimus.

120 538 449 596 Discefferunt
467 532 576 608 post
591 533 673 589 ista
691 536 833 592 verba
850 576 863 590 .

202 617 287 672 Ad
305 616 445 671 aliam
466 613 607 668 diem
621 628 987 676 conuenerunt,
1008 616 1187 672 iterum
1203 611 1286 668 ista
1300 614 1578 684 loquentes:
1593 610 1644 663 &

127 708 393 766 antequam
413 687 807 763 propositionem
828 689 1090 747 verborum
1112 689 1325 748 fecissent
1340 722 1356 749 ‚
1371 688 1435 742 ibi
1452 703 1556 741 non
1573 682 1643 741 est

124 773 331 827 intentio
353 782 708 840 generatamon
727 767 897 820 iniuria
918 763 1128 838 sequuta
1147 768 1229 825 est:
1244 763 1404 820 subito
1422 762 1644 836 populus

122 844 471 900 insanusirruit
490 840 631 913 super
667 839 821 912 ipsum
841 876 856 902 ‚
887 845 935 897 δε
970 845 1102 898 duos
1134 859 1318 917 pueros
1354 841 1643 895 occiderunt

117 919 353 994 Episcopi
369 941 383 980 ;
398 936 544 990 caput
562 919 705 972 etiam
725 915 978 990 fregerunt
995 919 1238 993 Episcopo
1259 919 1306 971 in
1323 916 1518 971 duabus
1534 929 1640 983 par-

116 996 269 1058 tibus,
289 1002 336 1052 &
355 1012 493 1051 renes
512 996 618 1048 eius
637 995 1053 1063 diflipauerunt,&
1070 995 1157 1051 nisi
1177 992 1501 1050 misericordia
1520 988 1640 1048 Dei,

111 1076 163 1128 δι
181 1072 406 1129 defensio
425 1071 583 1126 Sancti
606 1071 760 1124 Marci
792 1068 997 1124 Basilicae
1017 1069 1209 1126 eruisset
1224 1069 1402 1139 coede
1414 1064 1641 1121 manibus

116 1166 313 1210 eorum,
335 1147 397 1202 ibi
421 1149 660 1218 perierant
679 1163 696 1195 .·
716 1143 903 1198 liberati
926 1144 1034 1200 sunt
1055 1162 1217 1202 tamen
1240 1143 1547 1217 (quomodo
1565 1140 1637 1195 di-

110 1223 274 1297 citur)
295 1224 412 1295 quia
428 1236 602 1276 manus
621 1217 814 1288 publica
832 1219 1145 1293 superuenit,
1163 1239 1276 1295 quae
1298 1236 1386 1275 eos
1405 1235 1637 1276 eruert.)

113 1303 281 1373 potuit
299 1320 311 1351 :
326 1299 415 1353 Ista
433 1333 448 1361 ‚
465 1301 513 1352 δι
534 1296 737 1350 istorum
754 1302 1157 1354 concinnamenta
1182 1296 1438 1356 Dorothei
1454 1294 1637 1350 malitia

108 1375 361 1431 fabricauit
384 1417 400 1437 ‚
439 1375 555 1444 quia
596 1387 707 1426 ante
732 1371 938 1428 biduum
974 1376 1129 1447 quam
1151 1373 1466 1447 peruenirent
1485 1372 1634 1426 nostri

105 1448 671 1525 Thefl'alonycam‚super
689 1450 797 1503 duo
815 1451 961 1505 miliia
977 1451 1261 1521 baptizauit;
1275 1449 1633 1503 Sacramenta.»

106 1542 240 1583 tanta
261 1527 487 1600 erogauit
504 1529 553 1580 in
574 1527 768 1596 populo
785 1558 801 1585 ‚
820 1544 932 1597 quae
951 1526 1128 1599 poffint
1146 1527 1257 1597 ipfis
1279 1526 1340 1580 ad
1359 1539 1632 1595 tempora„

107 1602 324 1659 sufficere
344 1600 644 1674 :significans
660 1602 808 1673 plebi,
823 1607 940 1674 quia
959 1602 1083 1657 fides
1098 1606 1225 1659 recta
1244 1616 1480 1656 mutatur.

184 1681 273 1734 Ista
292 1681 561 1751 quomodo
578 1696 679 1732 non
699 1677 967 1734 habuerant
994 1682 1201 1734 excitare
1222 1675 1509 1751 populum?
1542 1674 1631 1730 Ista

110 1772 223 1827 quae
239 1773 340 1810 non
358 1753 626 1809 inuitabant
648 1756 708 1808 ad
732 1753 1059 1810 seditionem?
1092 1758 1208 1810 Post
1227 1757 1324 1809 hoc
1343 1789 1359 1815 ,
1399 1751 1558 1823 ipsum
1578 1752 1628 1806 li-

111 1831 296 1886 bellum
316 1866 331 1891 ,
346 1848 497 1903 quern
520 1829 706 1884 fecerat
728 1848 845 1886 cum
868 1829 1136 1902 EpiscopiS,
1152 1847 1266 1887 ante
1283 1832 1531 1902 populum
1550 1825 1628 1882 sci-

112 1907 205 1969 dit,
223 1909 420 1962 dicens:
459 1907 567 1978 Ego
581 1907 706 1960 istud
723 1904 872 1980 vsque
888 1908 949 1962 ad
968 1923 1180 1963 mortem
1195 1925 1355 1963 meam
1369 1922 1631 1977 nunquam

107 1981 256 2046 facie,
272 2000 363 2038 nec
380 1979 668 2037 facientibus
685 1981 960 2039 consentio·
978 1985 1351 2043 Occideruno&
1372 1981 1628 2038 hominem

103 2057 430 2114 venerabilem
449 2057 787 2118 Catholicum,
805 2062 894 2132 qui
910 2078 1007 2115 nos
1025 2062 1275 2116 venientes
1297 2058 1561 2129 susceperat
1581 2059 1628 2111 in

105 2135 266 2189 domo
281 2131 365 2190 sua
382 2171 397 2198 ,
414 2137 502 2206 qui
520 2132 707 2204 semper
721 2139 964 2206 separatus
979 2136 1072 2193 fuit
1085 2139 1120 2191 ‘a
1138 2136 1490 2193 communione
1518 2135 1631 2188 Do-

106 2209 269 2265 rothei
288 2226 489 2282 propter
510 2209 756 2283 synodum
776 2210 1275 2277 Chalcedonensem,
1289 2213 1337 2267 in
1353 2228 1460 2283 quo
1479 2212 1627 2265 talem

105 2301 316 2341 mortem
338 2302 679 2348 exercuerunt,
700 2288 898 2358 qualem
914 2289 996 2352 illi,
1013 2291 1100 2363 qui
1117 2288 1330 2345 sanetum
1350 2288 1625 2342 Proterium

108 2361 392 2418 occiderunt
406 2401 421 2417 .
465 2362 554 2418 Ista
570 2365 632 2416 ad
648 2364 1063 2420 clementiffimum
1079 2367 1432 2434 Imperatorem
1455 2378 1628 2434 perue-

106 2453 286 2492 nerunt
307 2473 322 2497 ‚
357 2441 404 2493 δε
453 2439 609 2512 prope
626 2443 672 2493 in
691 2455 794 2494 tota
832 2443 1029 2497 ciuitate
1060 2442 1353 2498 Cahtolicus
1383 2440 1543 2493 lucius
1559 2437 1627 2492 est

113 2528 319 2585 propter
341 2517 471 2577 ralia,
489 2532 600 2586 quae
623 2517 933 2589 contigerunt
949 2517 1133 2574 scelera.
1157 2517 1405 2572 Promittit
1422 2512 1625 2570 saneta-2

108 2589 367 2644 clementia
383 2592 626 2647 vindicare
661 2596 709 2647 &
730 2609 872 2649 citare
890 2595 1117 2650 Dorothe
1129 2614 1211 2649 um
1229 2615 1242 2645 .·
1261 2595 1376 2664 quia
1391 2609 1488 2646 nos
1504 2607 1627 2643 con·

111 2665 264 2720 testati
282 2662 447 2722 sumus
468 2668 697 2739 pietatem
715 2671 841 2739 eius,
856 2674 1108 2730 dicentes:
1141 2673 1292 2729 Nulla
1308 2673 1495 2723 ratione
1516 2668 1627 2738 Βοὴ

1319 2748 1556 2799 rozueuin
