1841 2890
436 71 548 144 De
563 70 624 144 S.
641 71 862 166 Rufino
882 74 950 147 E
941 76 1191 171 pistopo'
1475 112 1510 162 4
1525 111 1552 166 3

106 216 157 264 ta
169 205 279 263 sunt
293 205 392 261 hbe
405 199 566 262 modo'
586 207 804 261 duorum
825 205 1118 268 Sanctorum
1138 207 1338 260 nomina
1354 205 1549 273 sci-ipra:
1550 221 1623 277 Γ)

102 278 305 340 Octauo
336 283 531 339 kalend.
555 281 812 354 Septemb.
839 284 1031 338 natales
1060 285 1116 336 S.
1138 281 1301 337 Rufini
1320 273 1582 340 confelloi
1576 310 1637 343 is.-

99 362 164 416 Et
179 377 278 414 vno
294 357 567 415 intermisso
580 359 828 432 die;quod
843 361 914 413 est
928 357 1067 413 sexto
1082 359 1174 412 kal.
1185 358 1436 429 Septemb
1443 367 1631 418 natales

96 437 150 493 S.
173 434 285 490 Rufi
300 439 541 510 martyris.
558 435 693 490 Lect.
720 453 772 504 3.
794 437 957 489 Huius
973 435 1088 488 vero
1109 436 1160 489 S.
1182 433 1354 490 Rufini
1375 439 1638 504 praedictus

99 514 226 576 dies,
242 528 358 568 cum
377 511 608 566 omnibus
627 527 776 565 notus
793 509 974 568 fuisset.
994 512 1134 565 locus
1149 527 1338 572 tamen,
1357 512 1429 566 vb
1453 513 1633 570 sacrum

100 606 285 659 corpus
299 590 406 643 eius
425 584 770 661 requiesceret,
793 586 1142 658 ignorabatur.
1177 587 1356 657 Coepit
1381 591 1630 647 tandem...

99 664 369 752 Episcopus
383 661 474 718 suo
491 681 606 718 cum
623 664 755 718 clero
773 664 803 717 a
823 658 946 739 (C)
971 662 1165 717 senibus
1186 680 1432 718 annorum
1457 668 1531 720 loc
1542 685 1625 723 um

107 744 386 813 inquirere.
428 741 578 810 Quo
568 754 806 801 mutum,
814 743 1211 795 inmonurnenro
1232 738 1412 794 scilicet
1446 743 1626 800 iuxta,

106 815 231 890 (D)
253 813 450 870 Basilica
470 818 602 869 Beati
620 818 744 869 Petri
762 818 842 882 (E)
861 815 1111 885 Apostoli,
1126 818 1411 871 coadunata
1426 819 1516 888 Epi
1528 817 1606 873 sco

97 910 193 964 pus
209 892 428 965 vndique
460 891 604 963 plebe
620 925 633 949 ‚
657 909 769 945 cum
789 893 994 964 hymnis
1009 924 1023 950 2
1042 896 1091 946 ἀ
1113 893 1340 946 laudibus
1360 894 1488 948 illo
1468 897 1624 952 eloco

94 969 260 1024 Sancti
279 970 512 1040 reliquias
529 966 777 1029 auferens,
798 983 976 1039 magna
995 983 1105 1020 cum
1128 968 1289 1021 laetitia
1308 971 1355 1021 in
1375 970 1624 1029 Ecclesia-2

92 1047 337 1101 Sanctorfi
355 1060 624 1116 martyrum
645 1043 900 1113 Stephani,
919 1044 969 1096 Sc
987 1040 1194 1113 Agathae
1216 1043 1456 1098 condidit.
1477 1046 1619 1102 Lee'c.

95 1142 150 1191 4.
173 1125 321 1176 Sacro
347 1120 568 1190 denique
602 1133 755 1188 opere
778 1119 976 1188 peraCm
996 1154 1012 1180 ‚
1046 1135 1160 1173 curn
1180 1117 1248 1172 ob
1263 1119 1544 1184 bonorem,
1568 1127 1619 1179 δι

97 1196 421 1252 reuerentiam
461 1194 579 1248 tanti
598 1199 824 1264 corporis
857 1192 1066 1249 Ecclesa
1082 1193 1179 1266 ipsa
1196 1194 1257 1249 ab
1274 1196 1507 1252 omnibus
1525 1198 1619 1255 fre-

93 1270 404 1344 quentiffime
417 1270 723 1325 excoleretur
747 1305 762 1332 ‚
780 1271 989 1342 contigit
1006 1272 1189 1325 eodem
1211 1279 1378 1335 amm,
1395 1289 1443 1328 vt
1467 1276 1622 1332 cuius-

90 1351 203 1404 dam
227 1347 405 1402 nobilis
428 1346 687 1400 Audoaldi
707 1344 855 1410 filius,
875 1348 963 1439 qui
979 1346 1170 1401 adhuc
1158 1365 1208 1401 in
1228 1348 1395 1405 te'nera
1412 1351 1618 1407 lactaba-

95 1442 174 1479 tur
190 1422 391 1478 infantia
412 1457 426 1482 ‚
445 1422 584 1476 febre
601 1423 759 1476 valida
780 1424 905 1493 pene
922 1439 1232 1482 moreretur..
1238 1425 1300 1478 in
1337 1439 1528 1481 tantum
1564 1444 1615 1486 vt

87 1499 302 1556 membra
339 1500 507 1553 omnia
539 1496 628 1552 suo
657 1497 719 1551 ab
748 1496 916 1554 officio
935 1514 1131 1571 penitus
1147 1498 1376 1555 defecisse
1393 1503 1615 1559 videren

86 1595 178 1631 tur:
198 1581 506 1645 Quem,cum
525 1588 752 1646 parentes
769 1576 924 1629 illius
914 1594 960 1629 ιη
979 1572 1212 1646 supremo
1229 1577 1362 1631 exitu
1384 1578 1477 1631 iam
1498 1597 1612 1648 pro-

87 1652 274 1707 ximum
292 1653 617 1722 intelligerent
637 1688 651 1713 ‚
673 1665 810 1709 mox,
828 1667 878 1705 vt
899 1653 1051 1707 credo
1071 1688 1086 1713 ‚
1109 1652 1274 1707 diuina
1297 1650 1611 1725 inspiratione

91 1730 362 1790 admoniti,
380 1730 441 1782 ad
460 1728 733 1798 praedictam
751 1726 1017 1783 Ecclesiam
1034 1729 1366 1784 adduxerunt.
1402 1730 1537 1785 Le&
1563 1750 1611 1797 5.

83 1807 326 1877 Cumque
343 1821 454 1859 ante
475 1802 611 1858 fores
629 1805 856 1858 Ecclefiae
874 1805 1114 1860 vlulantes
1129 1805 1190 1860 ad
1209 1804 1360 1860 funus
1381 1807 1487 1860 eius
1509 1825 1615 1879 per-

85 1884 373 1953 streperent,
389 1880 673 1938 venerabilis
688 1879 963 1955 Episcopus
979 1880 1445 1937 insolitotantorum
1462 1885 1613 1940 lame·

83 1959 291 2013 tanrium
323 1958 539 2011 clamore
568 1961 825 2011 exterritus
841 1994 857 2019 ‚
891 1956 1138 2012 continuo
1163 1973 1353 2028 coeptas
1387 1957 1614 2017 deserens

81 2033 427 2105 prece3‚exiuit
441 2032 504 2087 ad
521 2033 702 2090 illos&
719 2049 805 2087 cur
824 2047 990 2089 tantos
1006 2034 1153 2087 fletus
1175 2032 1611 2094 haberennmode-

85 2111 152 2164 sle
171 2110 421 2181 inquirere
435 2109 592 2180 coepit
610 2110 740 2180 :Qui
757 2110 986 2164 dixerunt
1005 2112 1076 2164 ei:
1095 2110 1316 2165 Domine
1341 2110 1605 2182 Episcope,

86 2203 199 2241 ecce
215 2183 485 2240 infantulus
501 2186 583 2240 iste
599 2187 806 2239 moritur
824 2184 986 2241 nobis.
1021 2188 1112 2241 His
1131 2187 1288 2248 dictis,
1305 2204 1455 2242 mater
1474 2191 1610 2258 pueri

88 2261 227 2317 valde
246 2263 435 2317 eiulans
458 2300 472 2324 ,
489 2260 535 2315 se
551 2260 613 2315 ad
634 2276 796 2331 genua
817 2259 1081 2334 Episcopi,
1102 2262 1241 2334 quafi
1268 2266 1351 2319 alic
1366 2281 1425 2316 na
1445 2280 1610 2321 mente

84 2339 323 2407 proripuit
341 2338 528 2393 dicens:
544 2337 767 2391 Domine
786 2338 946 2393 indica
961 2338 1107 2393 nobis
1128 2343 1318 2401 locum,
1335 2340 1408 2392 vbi
1431 2342 1609 2394 Beatus

80 2413 249 2469 Rufus
263 2412 486 2482 quiescit.
512 2413 661 2470 Leei.
681 2420 737 2468 6.
757 2414 1017 2471 Attonitus
1036 2431 1202 2472 aurem
1239 2414 1507 2486 Episcopus
1522 2453 1538 2478 ,
1556 2420 1606 2470 δε

84 2493 210 2545 illius
228 2492 509 2563 intelligens
526 2491 608 2545 imi
625 2489 790 2545 cordis
812 2491 1065 2553 dolorem,
1084 2507 1224 2546 totus
1247 2490 1527 2550 infremuit,
1553 2497 1603 2546 ὃ(

79 2582 220 2620 tanto
237 2567 398 2622 dolori
418 2568 820 2639 compatien522it
838 2569 918 2623 illi:
938 2570 1063 2623 Non
1084 2569 1150 2622 est
1166 2566 1241 2621 bic
1258 2567 1289 2621 ὸ
1307 2569 1477 2621 mulier
1497 2586 1604 2621 cor-

73 2661 167 2715 pus
186 2642 336 2709 illim,
357 2660 508 2717 quem
524 2645 700 2717 quaeris
716 2675 730 2706 ,
745 2641 829 2703 sed
843 2646 979 2705 Beati
992 2641 1159 2699 Rufini
1177 2641 1483 2703 confessoris.
1505 2646 1600 2715 Ve7

975 2721 1012 2777 Ρ
1087 2737 1121 2796 3
1412 2735 1524 2775 rum

1704 233 1739 281 13

1691 650 1743 706 C

1686 823 1738 876 D

1683 910 1722 964 Ε
