1841 2890
387 93 494 166 De
513 93 576 163 S.
596 93 897 164 Germano
915 92 1215 187 Episcopo.
1416 119 1444 162 1
1457 93 1536 180 ὸς

91 222 207 297 ipsa
225 223 305 279 die
323 223 374 277 in
393 222 568 276 eadem
601 221 800 275 ciuitate
827 236 940 275 curn
963 221 1058 274 Dei
1075 220 1326 276 adiutorio
1349 226 1621 294 peruenire.

81 301 169 356 -Et
185 296 452 373 quomodo
469 296 531 351 ad
547 313 642 350 nos
661 297 883 366 peruenit
902 297 1190 365 scampinus
1207 295 1476 369 Episcopus
1492 335 1504 358 ,
1522 299 1623 368 spe-

107 391 277 431 ramus
318 377 364 426 31
401 371 551 443 ipsius
586 373 791 425 ciuitatis
825 371 1024 443 Lignidi
1061 370 1354 445 Episcopum
1371 373 1537 430 similia
1556 373 1626 444 fa7

108 467 238 507 cere.
255 449 417 517 Quod
433 445 469 500 fi
481 445 663 515 factum
682 445 964 508 fuerit,data
978 446 1238 503 occafione
1253 449 1365 504 resci
1376 449 1586 506 ibemuS.

189 525 409 596 Scampis
427 521 573 578 nobis
593 520 780 592 positis,
797 524 904 594 post
921 521 1083 577 Miffas
1097 523 1222 579 hora
1234 526 1625 586 caenatoria,Ste-

110 599 326 672 phana,
345 602 393 654 δι
413 598 650 653 Leontius
669 598 749 650 viri
771 598 1008 653 elariffimi
1028 597 1090 652 ab
1105 599 1407 670 Imperatore
1426 599 1623 662 missi,in

112 674 367 730 occursum
386 672 770 736 venerut,adhuc
788 672 1055 729 nescientes
1077 691 1169 729 nos
1183 678 1232 728 in
1249 675 1467 747 partibus
1486 679 1622 730 Grae-

106 753 288 805 ciarum
306 749 508 823 pofitos:
525 751 642 822 quia
661 751 771 804 talia
786 751 1014 803 mandata
1029 749 1191 806 fuert'tt
1210 752 1399 806 Comiti
1415 752 1622 822 Stepha-

107 844 178 882 no
198 827 456 886 data‚vtad
479 836 637 895 partes
653 825 798 881 Italiae
818 824 1070 881 transirent
1092 830 1141 886 in
1163 826 1419 890 occursum
1437 829 1618 882 nostrfi.

178 903 254 955 Est
276 902 555 973 Stephanus
571 902 652 956 isse
672 938 686 962 ,
706 905 793 972 qui
815 904 976 955 modo
993 902 1167 956 dicitur
1182 905 1246 956 de
1265 904 1513 974 parentela
1529 901 1616 971 filij

99 979 237 1031 vestri
257 978 473 1048 Magistri
504 979 713 1031 rnilitum
747 978 989 1033 Vitaliani.
1030 980 1094 1032 Hi
1127 978 1274 1034 nobis
1305 983 1614 1039 nunciarunt,

96 1053 356 1109 Patricium
374 1056 664 1108 Senatorem
685 1052 1009 1124 proscriptum
1027 1057 1109 1115 ,δι
1127 1055 1175 1108 in
1194 1055 1392 1116 exilium
1407 1053 1615 1119 missurm

95 1146 192 1199 pro
210 1145 310 1199 qua
325 1145 488 1182 tamen
505 1126 639 1181 causa
653 1128 742 1183 nisi
758 1145 865 1199 quo
885 1129 1046 1182 modo
1089 1130 1153 1183 ad
1172 1146 1265 1183 nos
1304 1130 1606 1200 peruenerit,

99 1222 204 1258 non
220 1203 474 1274 possumus
490 1201 663 1259 dicere,
682 1206 799 1274 quia
823 1221 928 1258 non
941 1206 1007 1258 est
1028 1204 1092 1258 de
1112 1203 1290 1260 talibus
1308 1204 1456 1260 rebus
1471 1205 1610 1261 facile

97 1278 382 1333 deliberare:
399 1278 569 1332 dicitur
585 1293 748 1332 tamen
772 1285 820 1335 &
839 1277 1172 1350 Apocrisarius
1191 1281 1608 1355 Thessalonycen-

93 1353 156 1408 fis
171 1355 389 1408 Ecclefiae
409 1357 557 1407 teneri
576 1393 591 1420 ,
609 1355 743 1423 apud
763 1373 894 1427 quos
910 1357 1079 1419 dicunt
1099 1355 1324 1425 epistolas
1351 1362 1574 1415 inuentas
1592 1382 1607 1413 ε

95 1447 188 1500 pro
211 1446 310 1502 qua
330 1427 465 1483 causa
486 1428 746 1485 nescimus:
774 1449 891 1488 cum
909 1432 1019 1503 ipsis
1037 1436 1082 1485 &
1105 1433 1487 1497 Philumenutn,
1505 1435 1607 1490 De-

93 1503 738 1576 metrium2Magistrianum‚
755 1510 801 1563 δε
821 1509 934 1563 alias
950 1504 1198 1579 personas,
1217 1526 1429 1580 quarum
1447 1511 1608 1564 nomi-

98 1600 160 1636 na
182 1581 486 1653 ignoramus.
502 1579 593 1636 Ista
613 1580 722 1637 sunt
741 1584 1032 1655 (quomodo
1047 1584 1378 1654 praediximus)
1394 1584 1504 1656 quae
1522 1603 1609 1640 au-

89 1657 409 1713 diuimusDe
423 1656 560 1711 causa
578 1673 741 1712 tamen
761 1657 1069 1715 ecclesiastica
1083 1678 1198 1715 cum
1217 1662 1313 1716 Dei
1332 1661 1602 1716 misericor-

89 1736 170 1788 dia
187 1730 412 1804 prospera
430 1735 733 1788 nunciantur:
752 1733 1041 1790 Cosmatem
1058 1751 1228 1791 tamen
1249 1738 1493 1792 medicum
1511 1757 1602 1809 pro

91 1826 193 1880 qua
206 1809 343 1862 causa
356 1809 404 1861 in
431 1810 615 1863 Italiam
633 1813 761 1864 venit
793 1814 986 1882 penitus
1003 1814 1266 1884 intelligere
1300 1831 1402 1866 non
1436 1818 1605 1883 potui-

95 1902 208 1938 mus
225 1922 238 1946 ,
256 1883 341 1938 nist
353 1886 450 1938 hoc
467 1923 482 1946 ,
495 1887 613 1955 quia
631 1882 819 1943 fortiter
837 1889 1075 1958 queritur,
1095 1889 1159 1942 de
1174 1906 1282 1957 quo
1298 1889 1488 1945 debetis
1503 1889 1602 1949 effe

89 1958 258 2015 soliciti
279 1996 297 2025 ‚
317 1976 364 2014 vt
395 1958 546 2015 sciatis
562 1978 773 2034 pro-qua
789 1960 927 2018 causa
949 1962 1131 2020 ibidem
1151 1967 1299 2021 venit.
1435 1974 1442 1977 “

257 2113 816 2172 SECVNDA
892 2117 1437 2177 RELATIO.

182 2266 231 2322 N
276 2268 363 2322 alia
383 2265 599 2338 Epistola
637 2267 1012 2341 significauimus
1036 2275 1328 2328 Beatitudini
1351 2273 1509 2330 vestrae
1541 2272 1605 2328 de

178 2344 432 2412 Scampina
448 2346 661 2404 ciuitate,
681 2349 745 2400 de
763 2348 1018 2403 venerabili
1038 2353 1205 2404 Troco
1229 2351 1602 2422 Episcopmquo

91 2419 270 2477 ordine
289 2418 506 2473 libellum
528 2421 666 2474 dedit
686 2458 702 2482 ‚
720 2427 768 2475 &
789 2424 945 2494 qualis
966 2422 1196 2480 festiuitas
1212 2425 1279 2481 est
1297 2430 1535 2481 celebrata
1551 2429 1599 2479 in

88 2492 187 2560 ipsa
205 2494 398 2546 ciuitate
424 2533 439 2548 .
475 2495 610 2549 Cum
630 2498 724 2551 Dei
741 2497 1072 2555 misericordia
1084 2505 1303 2556 venimus
1322 2504 1604 2574 Lignidum:

93 2568 438 2623 Theodoritus
459 2571 724 2644 Episcopus
745 2574 1029 2630 venerabilis
1049 2579 1115 2630 vir
1130 2576 1276 2647 ipfius
1294 2580 1525 2632 Ciuitatis
1545 2577 1601 2629 fi-

97 2645 270 2699 militet
290 2643 504 2703 libellum
520 2649 675 2705 dedit:
692 2653 779 2724 qui
793 2651 986 2709 libellus
1004 2659 1052 2709 in
1069 2653 1280 2710 Ecclesia
1291 2652 1360 2711 est
1377 2656 1607 2720 teletam,
