1908 2880
331 105 402 172 3¹1
420 118 453 155 ι
889 83 1108 153 Poema

305 220 436 273 Nam
464 212 645 285 sopitus
661 209 844 267 Adam,
868 208 1001 262 costa
1019 208 1237 278 priuatus
1258 204 1494 278 adempta
1512 203 1578 263 est
1595 196 1627 271 ξ

274 284 278 288 ’
327 300 333 304 ’
366 295 548 362 Moxq.
566 286 653 344 suo
679 285 856 340 factam
873 281 1074 353 sumpsit
1091 282 1153 338 ab
1175 280 1280 337 osse
1299 299 1486 354 parem.

304 370 420 427 Nec
438 365 597 423 lateris
616 362 877 420 damnum,
898 357 1123 430 suppleta
1137 374 1281 412 carne
1299 356 1496 414 viciffim

381 439 563 503 Sensit,
577 440 629 495 δε
645 437 875 512 agnouit,
895 434 1039 506 quod
1054 435 1331 506 geminatus
1355 448 1482 488 erat:

305 524 478 592 Seque
497 517 646 572 aliurn
667 532 729 569 ex
749 508 848 566 sese
866 508 1031 566 sociali
1050 508 1100 566 in
1118 525 1337 582 corpore
1367 509 1603 572 cernensi

384 591 489 665 Ipse
508 590 752 664 propheta
772 585 842 642 sui
863 605 983 644 mox
1007 583 1101 642 fuit
1118 602 1206 641 ore
1225 601 1388 642 nouo-

308 675 446 728 Haec,
465 669 764 740 inquit‚caro
781 679 921 720 carne
938 679 1047 718 mea
1064 663 1155 718 est:
1165 679 1226 718 os
1243 660 1304 717 ab
1317 662 1509 719 ossibus
1529 661 1657 722 istud

392 742 565 802 Nosco
580 740 929 797 meum-isthaec
948 740 1014 794 est
1035 739 1165 794 costa
1182 738 1279 794 mei
1294 740 1457 795 lateris
1479 778 1496 795 .

310 823 467 880 Nunc
484 819 647 891 igitur,
662 815 1068 889 priscaquoniam
1087 811 1175 870 sub
1190 817 1400 888 imagine
1419 813 1649 887 sanetum

391 897 580 952 Foedus
601 892 818 948 Aroneis
832 891 1128 964 pignoribus
1145 892 1350 964 gentum

316 974 454 1030 Seria
471 969 744 1042 tranquillis
758 968 1004 1040 agitentur
1021 971 1203 1040 gaudia
1221 966 1369 1023 votis:

386 1047 613 1104 Christus
637 1044 766 1116 vbiq;
783 1046 849 1116 pij
869 1062 988 1100 voce
1006 1044 1148 1101 sonet
1168 1045 1349 1117 populi

306 1124 464 1184 Nulla
480 1138 566 1194 per
582 1136 777 1175 ornatas
796 1117 990 1178 insultet
1012 1122 1154 1176 rurba
1171 1123 1356 1192 plateas
1376 1143 1397 1178 .·

332 1208 335 1212 '
387 1203 562 1257 Nemo
584 1195 743 1253 solum
759 1193 916 1266 foliis,
937 1198 1102 1252 limina
1118 1194 1303 1256 fronde
1325 1213 1482 1273 tegat:

309 1282 393 1336 Ne
415 1275 471 1330 fit
489 1272 840 1329 Christicolam
858 1270 1062 1328 fanatica
1084 1271 1225 1328 turba
1244 1290 1330 1345 per
1351 1276 1541 1338 vrbem,

392 1350 543 1412 Nolo
558 1347 766 1422 profana
780 1350 889 1420 pios
911 1350 1101 1422 polluat
1121 1349 1344 1405 ambitio.

309 1430 465 1487 Nulla
484 1424 751 1499 peregrinis
770 1422 951 1495 fragret
970 1423 1228 1481 nidoribus
1245 1441 1360 1482 aura
1379 1450 1392 1481 :

366 1505 589 1561 .Cun6ia
610 1501 857 1573 pudicitiae
879 1500 1149 1555 munditias
1172 1503 1363 1557 oleant.
1671 1547 1673 1551 .

311 1571 825 1653 Vnguentumsanstis
845 1592 994 1631 vnum
1013 1578 1096 1638 est,
1114 1577 1259 1648 quod
1277 1583 1482 1645 nomine
1506 1580 1684 1638 Christi

260 1699 265 1711 ..
334 1708 337 1710 .
386 1651 658 1715 Diffusum,
675 1653 806 1707 casto
828 1652 968 1725 spirat
983 1652 1151 1707 odore
1172 1654 1364 1713 Deum.

285 1762 289 1765 -
311 1734 458 1788 Nolo
477 1728 795 1800 superuacuis
815 1743 1055 1785 ornentur
1074 1726 1262 1787 fercula
1283 1731 1428 1791 donis
1445 1755 1459 1794 ς

391 1806 624 1863 Moribus
641 1819 864 1866 ornatur,
878 1822 981 1860 non
998 1807 1181 1879 opibus
1206 1809 1444 1881 probitas-

315 1886 489 1940 Sanfta
506 1880 769 1937 sacerdotis
789 1898 963 1943 nurus,
982 1885 1032 1937 &
1048 1899 1273 1940 matrona
1289 1885 1477 1947 sacratis

393 1961 493 2014 Iam
512 1957 622 2030 puri
639 1956 811 2013 dotem
826 1957 1019 2013 luminis
1037 1961 1237 2030 accipiet
1258 1983 1279 2017 .-

310 2038 524 2091 Horreat
541 2030 746 2088 inclusas
758 2050 901 2096 auro,
927 2036 1001 2090 vel
1018 2038 1207 2093 murice
1229 2039 1399 2094 vesteis
1419 2074 1438 2102 ,

394 2112 563 2167 Aurea
576 2111 713 2165 vestis
736 2110 847 2165 huic
868 2112 1021 2182 gratia
1035 2127 1157 2185 pura
1176 2111 1271 2168 Dei
1288 2116 1374 2169 est.

315 2187 387 2242 Re
403 2186 427 2240 s
420 2202 538 2259 puat
561 2190 609 2241 δι
629 2191 723 2242 vari
735 2195 777 2254 js
797 2189 1011 2242 distindia
1026 2189 1228 2244 monilia
1247 2191 1457 2262 gemmis
1469 2226 1487 2254 ,

402 2263 606 2321 Nobilis
629 2277 684 2317 vt
706 2264 914 2317 domino
934 2278 1129 2334 gemma
1143 2263 1199 2319 sit
1217 2264 1315 2337 ipsa
1331 2267 1472 2322 Deo-

310 2341 579 2398 Ceruicem
599 2340 780 2399 Christi
800 2340 1008 2394 Domini
1022 2343 1135 2412 iuga
1152 2337 1278 2397 ferre
1299 2341 1508 2400 dicatam

387 2418 513 2472 Non
535 2431 721 2487 premat
741 2413 902 2471 inuisae
921 2417 1122 2486 pondus
1137 2418 1347 2473 auaritiae
1365 2460 1379 2473 .

312 2493 550 2550 Interiore
574 2492 725 2563 magis
740 2492 928 2546 munda
947 2493 1187 2562 placitura
1202 2494 1396 2549 colatur

393 2571 623 2639 Compta
638 2565 891 2623 salutiferis
911 2567 1113 2622 dotibus
1131 2569 1402 2639 ingenium.
1481 2582 1483 2585 '

318 2648 446 2704 Non
476 2645 640 2717 cupiat
659 2644 881 2717 lapidum
899 2646 1141 2721 pretium,
1160 2661 1263 2721 non
1284 2647 1459 2706 vellera
1478 2643 1639 2703 serum
1657 2687 1674 2713 ‚

328 2751 332 2754 ·
1465 2722 1716 2816 Incassum

1565 2801 1592 2823 g..
