1841 2890
278 118 302 156 ι
318 88 406 157 oi
419 102 424 107 ’
564 92 671 165 De
690 90 747 164 S.
766 92 1067 165 Germano
1098 95 1401 193 Episcopoj
1588 191 1637 234 ἦ

185 239 301 279 cum
321 221 533 296 hymnis,
560 238 618 277 ac
637 219 1176 300 spiritualibuscanticis
1188 241 1279 298 per
1294 219 1712 369 anquow

189 295 336 372 spatia
352 302 401 353 in
417 296 582 353 vrbem
600 295 751 370 vsque
767 316 878 355 curn
898 302 1206 358 exultatione
1222 302 1462 374 perducet
1678 315 1709 355 a

188 376 358 447 itaque
372 372 641 427 beatiffimo
659 376 914 431 Germano
932 376 1160 430 diuinitus
1176 377 1327 449 gratia
1347 374 1527 430 collata
1542 375 1609 431 est
1623 412 1642 443 ‚
1659 388 1713 429 vt

188 452 301 508 licet
321 449 485 516 Aca-,ii
502 454 786 522 complices,
805 452 891 521 qui
910 452 1129 512 ἀεῐεᾶιις
1149 453 1213 507 de
1230 450 1527 522 Episcopatu
1543 446 1713 506 eiusde

191 525 355 596 Regiae
374 523 505 578 vrbis
519 523 700 588 fuerat,
720 529 862 581 reniti
884 543 1200 583 tentauerunt
1217 549 1231 587 ;
1251 543 1427 582 omnes
1446 540 1613 580 tamen
1628 542 1717 596 pa·-¹

193 601 308 655 riter
329 600 393 655 ad
409 599 681 656 Catholicae
703 599 818 657 fidei
835 601 1148 674 splendorem
1168 614 1181 666 5
1203 604 1376 658 relictis
1393 618 1618 657 errorum
1640 616 1714 656 te-

196 675 669 735 nebris‚remearent.
689 680 742 732 ln
763 677 945 748 quibus
967 679 1113 735 rebus
1128 695 1373 752 quantum
1396 678 1468 733 vel
1486 674 1712 738 scientiae,

90 760 131 815 F
193 753 270 808 vel
286 749 542 806 sanetiratis
559 753 666 823 luce
687 757 762 819 (F)
781 755 953 808 beatus
968 772 1083 809 tunc
1099 757 1380 810 Germanus
1399 754 1654 812 claruerit,
1669 748 1728 805 fi.

198 828 313 898 quis
329 823 517 881 solicite
533 829 1031 890 attendat,euidenter
1049 829 1467 903 agnoscit.Vtrum
1483 826 1594 883 sane
1610 831 1718 883 tan-¹

197 918 280 957 tus
297 900 373 955 hic
399 903 467 953 vit·
490 902 773 973 aliquorum
814 905 1162 959 miraculorum
1201 904 1344 977 fignis
1362 899 1630 967 effulserit,
1648 902 1716 958 ad

198 977 412 1034 nostram
431 974 582 1047 vsque
598 978 821 1033 notitiam
840 993 980 1033 vetus
996 981 1192 1035 minime
1210 978 1342 1035 fama
1359 977 1716 1051 perduxit.Sed

201 1051 327 1125 quid
342 1052 637 1107 exteriorum
658 1070 868 1126 operum
887 1054 1117 1110 mirabilia
1131 1058 1416 1126 quaerimus,
1433 1071 1550 1114 curn
1569 1053 1632 1110 de
1647 1053 1722 1121 ing

202 1126 463 1184 terioribus
484 1129 753 1188 miraculis,
776 1146 888 1202 quae
910 1131 1080 1204 vtique
1109 1133 1433 1203 praestantiora
1457 1129 1563 1185 sunt
1585 1163 1601 1190 ‚
1617 1145 1718 1184 cet·-

203 1202 469 1260 titudinem
483 1207 775 1260 teneamus?
804 1207 941 1261 Cum
959 1204 1134 1262 scilicet
1151 1208 1300 1279 longe
1319 1208 1636 1262 excellentius
1658 1203 1717 1260 fit

204 1276 491 1334 defunetam
513 1282 694 1350 peccati
711 1298 874 1336 morte
894 1283 1105 1336 animam
1127 1280 1317 1336 salutari
1347 1281 1500 1337 verbo
1520 1279 1716 1345 resusci-

201 1370 323 1415 tare,
344 1370 497 1424 quam
517 1357 949 1428 extinc'tocorpoti
970 1358 1114 1412 vitam
1136 1358 1404 1412 restituere.
1434 1361 1578 1425 Quot
1595 1371 1718 1426 ergo

203 1426 392 1484 animas
412 1432 718 1486 venerandus
746 1433 829 1488 iste
845 1432 906 1487 ab
923 1448 1101 1487 aeterna
1133 1448 1295 1488 morte
1325 1432 1572 1487 salutifero
1593 1440 1721 1501 dog-

203 1519 337 1559 mate
353 1506 532 1576 eripuit
548 1538 563 1564 ‚
583 1522 661 1561 tot
676 1507 934 1577 gloriosior
952 1509 1189 1563 miraculis
1210 1544 1224 1569 ,
1241 1507 1381 1578 quasi
1401 1510 1643 1561 exteriora
1663 1505 1718 1558 si-

202 1594 300 1652 gna
318 1576 694 1653 effecissenapud
713 1586 958 1642 internum
974 1584 1191 1639 Iudicem
1210 1585 1378 1639 existit.
1401 1583 1652 1651 Quamuis,
1671 1582 1722 1634 in

201 1655 293 1708 hac
308 1656 545 1711 relatione
562 1692 575 1717 ‚
590 1676 701 1730 quae
721 1655 782 1713 de
799 1657 1049 1714 Paschafio
1069 1660 1304 1714 Romanae
1322 1660 1447 1714 vrbis
1489 1660 1721 1712 Diacono

201 1727 540 1803 subiungenda
555 1735 639 1795 est,
658 1751 891 1807 magnum
908 1736 1055 1789 huius
1072 1738 1153 1790 viri
1168 1737 1475 1795 miraculum,
1493 1734 1725 1803 metituqz

206 1805 506 1861 declaratum
529 1806 584 1862 fit
616 1810 664 1864 in
681 1828 744 1865 eo
767 1846 782 1872 ‚
799 1810 939 1882 quod
954 1809 1170 1867 eiusdem
1201 1812 1396 1866 ministri
1416 1813 1628 1866 animam
1651 1809 1729 1862 vel

211 1881 377 1936 videre
393 1886 614 1954 potuerit
633 1921 648 1947 ,
665 1887 736 1941 vel
760 1903 850 1957 pro
866 1889 971 1940 eius
994 1885 1273 1942 remissione
1305 1888 1525 1943 diuinam
1547 1881 1727 1938 miseri-

207 1957 428 2011 cordiam
444 1958 683 2015 ohtinere.
726 1967 869 2033 Greg.
891 1963 1180 2031 Dial.l1b.4.
1195 1979 1297 2034 cap.
1315 1981 1406 2030 40.
1450 1957 1726 2017 Paschasius

208 2032 430 2103 denique
450 2036 748 2105 Apostolicae
768 2038 908 2091 Sedis
924 2037 1179 2093 Diaconus
1196 2073 1210 2099 ,
1226 2042 1365 2092 cuius
1386 2038 1520 2110 apud
1538 2054 1630 2091 nos
1650 2052 1719 2089 re-

211 2105 405 2165 &issimi
422 2147 437 2171 ‚
454 2114 502 2164 δι
524 2113 755 2166 luculenti
773 2113 837 2168 de
851 2116 1027 2167 Sansto
1050 2111 1215 2184 spiritu
1250 2113 1354 2169 libri
1374 2131 1538 2169 extant
1559 2147 1574 2172 ‚
1596 2111 1726 2164 mirae

213 2183 471 2240 sanititatis
488 2188 552 2240 vir
574 2185 666 2242 fuit
688 2222 700 2246 ‚
722 2184 1147 2262 eleemosynarum
1165 2192 1375 2244 maxime
1396 2188 1628 2261 operibus
1650 2203 1727 2240 va·

214 2277 332 2316 cans
349 2296 363 2321 ,
379 2262 539 2323 cultor
552 2280 822 2335 pauperum
842 2297 857 2322 ,
882 2269 928 2318 ἃ
950 2281 1266 2336 contemptor
1286 2262 1355 2318 sui
1379 2263 1489 2319 :sed
1512 2265 1586 2318 hic
1607 2266 1653 2315 in
1673 2277 1730 2315 ea

216 2339 535 2392 contentione
553 2374 565 2397 ‚
587 2356 698 2411 quae
737 2340 1062 2395 inardescente
1080 2343 1192 2395 zelo
1211 2339 1429 2395 fidelium
1446 2341 1567 2393 inter
1590 2342 1732 2410 Sym-

215 2412 618 2487 machum‚atque
639 2416 962 2469 Laurentium
980 2414 1105 2469 facta
1121 2416 1206 2475 est,
1228 2417 1289 2471 ad
1310 2413 1629 2470 pontificatus
1659 2429 1736 2466 or-

214 2489 379 2542 dinem
400 2489 723 2544 Laurentium
750 2491 929 2566 elegit,
946 2493 1001 2545 &
1034 2492 1259 2546 omnium
1279 2494 1385 2563 post
1421 2492 1732 2548 vnaminitate

116 2575 170 2630 G
214 2560 490 2633 superatu8‚
511 2568 561 2620 in
582 2565 664 2625 sua
687 2583 850 2621 tamen
867 2564 1100 2621 sententia
1118 2565 1266 2638 vsque
1288 2569 1380 2634 (G)
1402 2570 1534 2621 iuxta
1554 2568 1735 2633 diem...

117 2645 129 2649 ”
212 2635 283 2693 sui
298 2641 456 2712 exitus
470 2643 840 2713 perstitic,illum
853 2643 1090 2706 amando,
1112 2659 1263 2714 atque
1281 2642 1734 2771 praefcredoiquem

1468 2720 1556 2790 Epi
1582 2734 1662 2789 CO}
